@book{Ritchie1978,
    author    = {Деннис М. Ритчи},
    title     = {Язык программирования C},
    edition   = {2-е},
    year      = {2020},
    publisher = {Диалектика},
    address   = {Москва},
}

@book{Rago,
    author    = {Стивенс, Раго},
    title     = {UNIX. Профессиональное программирование},
    edition   = {2-е},
    year      = {2020},
    publisher = {Символ},
    address   = {Санкт-Петербург},
}

@book{Python,
    author    = {Пол Бэри},
    title     = {Программирование на Python},
    edition   = {2-е},
    year      = {2020},
    publisher = {Эксмо},
    address   = {Москва},
}

@online{Time,
    title     = {proc\_time},
    year      = {2024},
    url       = {https://docs.python.org/3/library/time.html},
    note      = {Дата обращения: 27 ноября 2024}
}

@online{Intel,
    title     = {Intel Core I5},
    year      = {2024},
    url       = {https://www.intel.com/content/www/us/en/support/ru-banner-inside.html},
    note      = {Дата обращения: 7 ноября 2024}
}

@online{Mem,
    title     = {LPDDR3},
    year      = {2024},
    url       = {https://semiconductor.samsung.com/dram/lpddr/lpddr3/},
    note      = {Дата обращения: 7 ноября 2024}
}


@online{MacBook,
    title     = {MacBook Air 2018 Retina},
    year      = {2024},
    url       = {https://support.apple.com/ru-ru/111933},
    note      = {Дата обращения: 7 ноября 2024}
}

@book{Cormen2009RU,
    author    = {Томас Х. Кормен и Чарльз Е. Лейзерсон и Рональд Л. Ривест и Клиффорд Штайн},
    title     = {Введение в алгоритмы},
    edition   = {3-е},
    year      = {2012},
    publisher = {Издательство Вильямс},
    address   = {Москва},
}
